@inproceedings{sun2012will,
 author = {Sun, Yizhou and Han, Jiawei and Aggarwal, Charu C. and Chawla, Nitesh V.},
 title = {When Will It Happen?: Relationship Prediction in Heterogeneous Information Networks},
 booktitle = {Proceedings of the Fifth ACM International Conference on Web Search and Data Mining},
 series = {WSDM '12},
 year = {2012},
 isbn = {978-1-4503-0747-5},
 location = {Seattle, Washington, USA},
 pages = {663--672},
 numpages = {10},
 
  
 acmid = {2124373},
 publisher = {ACM},
 address = {New York, NY, USA},
}
